<?xml version="1.0" encoding="UTF-8"?><collection xmlns="http://www.loc.gov/MARC21/slim"><record><leader>00477nam--2200133-i-4500</leader><controlfield tag="001">000015838</controlfield><controlfield tag="002">20161230</controlfield><controlfield tag="005">20170222172139</controlfield><controlfield tag="008">060222s1000------------r-----000-0-eng-d</controlfield><datafield ind1=" " ind2=" " tag="245"><subfield code="a">Cercetarea si proiectarea asistata de calculat or in industria constructiilor de masini elect trotehnica si electronica coordonatori: Vasile Baltag si Adrian Davidoglu</subfield></datafield><datafield ind1=" " ind2=" " tag="260"><subfield code="a">Bucuresti</subfield><subfield code="b">Editura Academiei R.S.R</subfield><subfield code="c">1987</subfield></datafield><datafield ind1=" " ind2=" " tag="300"><subfield code="a">352 p</subfield></datafield><datafield ind1=" " ind2=" " tag="852"><subfield code="a">681.142.83</subfield></datafield><datafield ind1=" " ind2=" " tag="CAT"><subfield code="a">SYS</subfield><subfield code="c">20170222</subfield><subfield code="h">172139</subfield></datafield></record></collection>